<?xml version="1.0" encoding="UTF-8"?><collection xmlns="http://www.loc.gov/MARC21/slim"><record><leader>00487nam--2200121-i-4500</leader><controlfield tag="001">000006757</controlfield><controlfield tag="002">20161230</controlfield><controlfield tag="005">20161230201027</controlfield><controlfield tag="008">060222s1000------------r-----000-0-eng-d</controlfield><datafield ind1=" " ind2=" " tag="100"><subfield code="a">Chevallier, Pierre</subfield></datafield><datafield ind1=" " ind2=" " tag="245"><subfield code="a">Sur la determination des ordres de multipolari te des transitions nucleaires electromagnetiqu es par correlation engulaire des paires de con version interne.methode et application aux noy aux 1ob,10be,14c,14n.these</subfield></datafield><datafield ind1=" " ind2=" " tag="260"><subfield code="a">Paris, Masson Et C-ie, 1959. 51 P</subfield></datafield><datafield ind1=" " ind2=" " tag="852"><subfield code="a">18180</subfield></datafield></record></collection>